<?xml version="1.0" encoding="UTF-8"?><collection xmlns="http://www.loc.gov/MARC21/slim"><record><leader>00408nam--2200133-i-4500</leader><controlfield tag="001">000038301</controlfield><controlfield tag="002">20161230</controlfield><controlfield tag="005">20161230201041</controlfield><controlfield tag="008">060222s1000------------r-----000-0-eng-d</controlfield><datafield ind1=" " ind2=" " tag="100"><subfield code="a">Reissig, Rolf</subfield></datafield><datafield ind1=" " ind2=" " tag="245"><subfield code="a">Uber die totale stabilitat erzwungener reibungsschwingungen</subfield></datafield><datafield ind1=" " ind2=" " tag="260"><subfield code="a">Berlin, Akademie-verlag, 1959, 28p</subfield></datafield><datafield ind1=" " ind2=" " tag="490"><subfield code="a">Abhandlungen Der Deutschen Akademie Der Wissenschaften Zu Berlin</subfield></datafield><datafield ind1=" " ind2=" " tag="852"><subfield code="a">6797</subfield></datafield></record></collection>